
%G VDM TOOL
@TECHREPORT{Larsen&10d,
  KEY           = "Larsen\&10",
  AUTHOR        = "Peter Gorm Larsen and Kenneth Lausdahl and Augusto Ribeiro and
                   Sune Wolff and Nick Battle",
  TITLE         = "Overture VDM-10 Tool Support: User Guide",
  INSTITUTION   = "The Overture Initiative",
  ADDRESS       = "www.overturetool.org",
  YEAR          = "2010",
  MONTH         = "May",
  NUMBER        = "TR-2010-02",
  SIZE          = "103",
  ANNOTE        = "",
  COMMENT       = "We have the sources PGL"}

%G VDM DESTECS ERROR VDMRT
@INPROCEEDINGS{Fitzgerald&10b,
  KEY           = "Fitzgerald\&10b",
  AUTHOR        = {John Fitzgerald and Peter Gorm Larsen and Ken Pierce and Marcel Verhoef and Sune Wolff},
  TITLE         = "{Collaborative Modelling and Co-simulation in the Development of Dependable Embedded Systems}",
  EDITOR        = {D. M{\'e}ry and S. Merz},
  BOOKTITLE     = {IFM 2010, Integrated Formal Methods },
  VOLUME        = {6396},
  SERIES        = {Lecture Notes in Computer Science},
  PUBLISHER     = {Springer-Verlag},
  YEAR          = {2010},
  PAGES         = {12--26},
  MONTH         = {October}}

%G VDM 
@ARTICLE{Larsen&09b,
  KEY           = "Larsen\&09",
  AUTHOR        = "Peter Gorm Larsen and John Fitzgerald and Sune Wolff",
  TITLE         = "{Methods for the Developing Distributed Real-Time Systems 
                   using VDM}",
  JOURNAL       = "International Journal of Software and Informatics",
  VOLUME        = "3",
  NUMBER        = "2-3",
  YEAR          = "2009",
  MONTH         = "October",
  ANNOTE        = "",
  COMMENT       = "BIB PGL"}


%G
@BOOK{IEEE1012-1998,
  KEY           = "IEEE1012-1998",
  TITLE         = "Standard for Software Verification and Validation -- 
                   Description",
  PUBLISHER     = "IEEE",
  YEAR          = "1998",
  ANNOTE        = "",
  COMMENT       = "NA"}

%G
@BOOK{IEEE1471-2000,
  KEY           = "IEEE1471-2000",
  TITLE         = "Recommended Practice for Architectural Description for 
                   Software-Intensive Systems 2000 ",
  PUBLISHER     = "IEEE",
  YEAR          = "2000",
  ANNOTE        = "",
  COMMENT       = "NA"}

%G
@ARTICLE{Zachmann87,
  KEY           = "Zachmann87",
  AUTHOR        = "John Zachmann",
  TITLE         = "A Framework for Information Systems Architecture",
  JOURNAL       = "IBM Systems Journal",
  YEAR          = "1987",
  VOLUME        = "26",
  NUMBER        = "3",
  NOTE          = "See also www.zifa.com",
  COMMENT       = "NA"}

@BOOK{Beizer90,
  KEY  = "Beizer90",
  AUTHOR = "Boris Beizer",
  TITLE  = "{Software Testing Techniques, second edition}",
  PUBLISHER = "Van Nostrand Reinhold",
  YEAR  = "1990",
  ANNOTE = "",
  COMMENT = "I have a copy MV"}

@BOOK{Harris95,
  KEY		= "Harris95",
  AUTHOR	= "Robert Harris",
  TITLE		= "ENIGMA",
  PUBLISHER	= "Arrow Books Limited",
  YEAR		= "1995",
  ANNOTE	= "",
  COMMENT	= "I have a copy MV"}

@BOOK{Singh99,
  KEY		= "Singh99",
  AUTHOR	= "Simon Singh",
  TITLE		= "The Code Book",
  PUBLISHER	= "Fourth Estate Limited",
  YEAR		= "1999",
  ANNOTE	= "",
  COMMENT	= "I have a copy MV"}

@BOOK{Hodges92,
  KEY		= "Hodges92",
  AUTHOR	= "Andrew Hodges",
  TITLE		= "{Alan Turing: The Enigma}",
  PUBLISHER	= "Vintage",
  ADDRESS	= "Random House",
  YEAR		= "1992",
  ANNOTE	= "",
  COMMENT	= ""}

@BOOK{Jones90,
  KEY		= "Jones90",
  AUTHOR	= "Cliff B. Jones",
  TITLE		= "{Systematic Software Development Using VDM, second edition}",
  PUBLISHER	= "Prentice Hall",
  YEAR		= "1990",
  ANNOTE	= "",
  COMMENT	= ""}

%G VDM TUTOR FORMAL
@BOOK{Fitzgerald&98b,
  KEY           = "Fitzgerald\&98",
  AUTHOR        = "John Fitzgerald and Peter Gorm Larsen",
  TITLE         = "{Modelling Systems -- Practical Tools and Techniques in 
                    Software Development}",
  PUBLISHER     = "Cambridge University Press",
  YEAR          = "1998",
  ANNOTE        = "",
  COMMENT       = "I have the source PGL"}

%G VDM++ VDM OBJECT TOOL
@TECHREPORT{UMLMan,
  KEY           = "UMLMan",
  AUTHOR        = "The VDM Tool Group",
  TITLE         = "{The Rose-VDM++ Link}",
  INSTITUTION   = "IFAD",
  YEAR          = "2000",
  MONTH         = "October",
  NOTE          = "Visit the book's Web site for further information",
  ANNOTE        = "",
  COMMENT       = "ABMN"}

%G VDM TUTOR
@TECHREPORT{UserManPP,
  KEY           = "UserManPP",
  AUTHOR        = "The VDM Tool Group",
  TITLE         = "{VDM++ Toolbox User Manual}",
  INSTITUTION   = "IFAD",
  YEAR          = "2000",
  MONTH         = "October",
  NOTE          = "Visit the book's Web site for further information",
  COMMENT       = ""}

%G VDM OBJECT
@TECHREPORT{Guidelines,
  KEY           = "VDM++MethodGuide",
  AUTHOR        = "The VDM Tool Group",
  TITLE         = "{VDM++ Method Guidelines}",
  INSTITUTION   = "IFAD",
  YEAR          = "2000",
  MONTH         = "October",
  NOTE          = "Visit the book's Web site for further information",
  ANNOTE        = "",
  COMMENT       = ""}

@BOOK{Boehm81,
  KEY           = "Boehm81",
  AUTHOR        = "Barry W.\ Boehm",
  TITLE         = "{Software Engineering Economics}",
  PUBLISHER     = "Prentice-Hall, Inc.",
  YEAR          = "1981",
  ANNOTE        = "",
  COMMENT       = "NA PGL"}

@TECHREPORT{RFC1939,
  KEY           = "RFC1939",
  TITLE         = "Post Office Protocol - Version 3",
  AUTHOR        = "J. Myers and M. Rose",
  YEAR          = "1996",
  URL           = "http://rfc.sunsite.dk/rfc/rfc1939.html",
  NOTE          = "http://rfc.sunsite.dk/rfc/rfc1939.html"
}

%G SOFTENG
@BOOK{Pressman97,
  KEY           = "Pressman97",
  TITLE         = "Software Engineering - A Practitioner's Approach",
  PUBLISHER     = "McGraw-Hill",
  YEAR          = "1997",
  AUTHOR        = "Roger S. Pressman",
  SERIES        = "Computer Science Series",
  ISBN          = "0-07-365578-3",
  EDITION       = "Fifth",
  COMMENT       = "JSF"}

@BOOK{Pressman00,
  KEY           = "Pressman00",
  TITLE         = "Software Engineering - A Practitioner's Approach (European Adaptation), fifth edition",
  PUBLISHER     = "McGraw-Hill",
  YEAR          = "2000",
  AUTHOR        = "Roger S. Pressman",
  SERIES        = "Computer Science Series",
  COMMENT       = "JSF"}

@BOOK{Pressman04,
  KEY           = "Pressman04",
  TITLE         = "Software Engineering: A Practitioner's Approach , sixth edition",
  PUBLISHER     = "McGraw-Hill",
  YEAR          = "2004",
  AUTHOR        = "Roger S. Pressman",
  COMMENT       = "JSF"}

@BOOK{Sommerville01,
  KEY           = "Sommerville01",
  TITLE         = "Software Engineering, sixth edition",
  PUBLISHER     = "Addison-Wesley",
  YEAR          = "2001",
  AUTHOR        = "Ian Sommerville",
  COMMENT       = "JSF"}

@BOOK{Sommerville04,
  KEY           = "Sommerville04",
  TITLE         = "Software Engineering, seventh edition",
  PUBLISHER     = "Addison-Wesley",
  YEAR          = "2004",
  AUTHOR        = "Ian Sommerville",
  COMMENT       = "JSF"}

%G UML
@BOOK{Booch&99,
  KEY           = "Booch\&99",
  AUTHOR        = "Grady Booch, Ivar Jacobson and Jim Rumbaugh",
  TITLE         = "The Unified Modelling Language User Guide",
  PUBLISHER     = "Addison-Wesley",
  YEAR          = "1999",
  COMMENT       = "We have it PGL"}

%G OBJECT UML
@BOOK{Fowler99,
  KEY           = "Fowler99",
  AUTHOR        = "Martin Fowler",
  TITLE         = "{UML Distilled: A Brief Guide to the Standard Object Modeling Language}",
  PUBLISHER     = "Addison Wesley Longman",
  ISBN          = "0-201-65783-X",
  YEAR          = "1999",
  ANNOTE        = "",
  COMMENT       = "JSF: Paul M has a copy"}

%G VDM PROOF PGLPHDINT TUTOR
@BOOK{Bicarregui&94,
  KEY           = "Bicarregui\&94",
  AUTHOR        = "Juan Bicarregui, John Fitzgerald, Peter Lindsay,
                   Richard Moore and Brian Ritchie",
  TITLE         = "{Proof in VDM: A Practitioner's Guide}",
  PUBLISHER     = "Springer-Verlag",
  YEAR          = "1994",
  SERIES        = "FACIT",
  COMMENT       = "I have read it (PGL)."}

%G VDM 
@INPROCEEDINGS{Jones99,
  KEY           = "Jones99",
  AUTHOR        = "C.B. Jones",
  EDITOR        = "Jeannette M. Wing, Jim Woodcock and Jim Davies ",
  TITLE         = "{Scientific Decisions which Characterise VDM}",
  BOOKTITLE     = "FM'99 - Formal Methods, Volume I",
  PUBLISHER     = "Lecture Notes in Computer Science 1708", 
  YEAR          = "Springer-Verlag",
  PAGES         = "28--47", 
  NOTE          = "1999",
  ANNOTE        = "",
  COMMENT       = ""}

%G BSIVDM VDM STD
@MISC{ISOVDM96,
   KEY          = "ISOVDM96",
   AUTHOR       = "{P.G.\ Larsen, B.S.\ Hansen, H.\ Brunn,
                   N.\ Plat, H.\ Toetenel, D.J.\ Andrews, J.\ Dawes,
                   G.\ Parkin, et al.}",
   TITLE        = "{Information Technology -- Programming Languages, Their
                    Environments and System Software Interfaces -- Vienna 
                    Development Method -- Specification Language -- Part 1:
                    Base Language}",
   TYPE         = "International Standard",
   NUMBER       = "ISO/IEC 13817-1",
   YEAR         = "1996",
   MONTH        = "December"
}


@MISC{ISO8402,
   KEY          = "ISO8402",
   TITLE        = "{Quality Management and Quality Assurance -- Vocabulary}",
   TYPE         = "International Standard",
   NUMBER       = "ISO 8402",
   YEAR         = "1994"
}

%G UML USE CASE
@BOOK{Rosenberg&99,
  KEY           = "Rosenberg\&99",
  AUTHOR        = "Doug Rosenberg and Kendall Scott",
  TITLE         = "Use Case Driven Object Modeling with UML: A Practical Approach",
  PUBLISHER     = "Addison Wesley",
  YEAR          = "1999",
  SERIES        = "Object Technology Series",
  ANNOTE        = "",
  COMMENT       = "NA PGL"}

%G UML USE CASE
@BOOK{Cockburn00,
  KEY           = "Cockburn00",
  AUTHOR        = "Alistair Cockburn",
  TITLE         = " Writing Effective Use Cases",
  PUBLISHER     = "Addison Wesley",
  YEAR          = "2000",
  ANNOTE        = "",
  COMMENT       = "NA PGL"}

%G VDM++ VDM OBJECT
@TECHREPORT{LangManPP,
  KEY           = "LangManPP",
  AUTHOR        = "The VDM Tool Group",
  TITLE         = "{The IFAD VDM++ Language}",
  INSTITUTION   = "IFAD",
  YEAR          = "2001",
  MONTH         = "April",
  ANNOTE        = "",
  NOTE          = "Visit the book's Web site for further information",
  COMMENT       = "ABMN"}

%G VDM TOOL
@TECHREPORT{APIMan,
  KEY           = "APIMan",
  AUTHOR        = "The VDM Tool Group",
  TITLE         = "VDM Toolbox API",
  INSTITUTION   = "IFAD",
  YEAR          = "2000",
  MONTH         = "October",
  NOTE          = "Visit the book's Web site for further information",
  COMMENT       = ""}

%G VDM TOOL
@TECHREPORT{javacg-man,
  KEY           = "CGManJavaPP",
  AUTHOR        = "The VDM Tool Group",
  TITLE         = "The VDM++ to Java Code Generator",
  INSTITUTION   = "IFAD",
  YEAR          = "2000",
  MONTH         = "October",
  NOTE          = "Visit the book's Web site for further information",
  ANNOTE        = "",
  COMMENT       = "PGL"}

@TECHREPORT{Unicode,
  KEY           = "Unicode",
  TITLE         = "The Unicode Standard Version 3.2",
  AUTHOR        = "Unicode Editorial Committee",
  YEAR          = "2002",
  URL           = "http://www.unicode.org/unicode/reports/tr28",
  NOTE          = "http://www.unicode.org/unicode/reports/tr28/"
}

@BOOK{Shaw96,
  KEY           = "Shaw\&96",
  AUTHOR        = "Mary Shaw and David Garlan",
  TITLE         = "Software Architecture: Perspectives on an Emerging Discipline",
  PUBLISHER     = "Prentice Hall",
  ISBN          = "0-13-182957-2",
  YEAR          = 1996,
  ANNOTE        = "",
  COMMENT       = "JSF"}

@BOOK{JavaLanguage,
  KEY             = "Gosling\&00",
  TITLE           = "The Java Language Specification",
  AUTHOR          = "James Gosling, Bill Joy, Guy Steele and Gilad Bracha",
  PUBLISHER       = "Addison Wesley",
  YEAR            = "2000"
}

%G UML
@ARTICLE{Kruchten95,
  KEY           = "Kruchten95",
  AUTHOR        = "Philippe Kruchten",
  TITLE         = "Architectural Blueprints -- The 4+1 View Model of Software Architecture",
  JOURNAL       = "IEEE Software",
  YEAR          = "1995",
  MONTH         = "November",
  VOLUME        = "12",
  NUMBER        = "6",
  PAGES         = "42--50",
  ANNOTE        = "",
  COMMENT       = "BIB PGL"}

%G VDM TUTOR FORMAL
@BOOK{Gamma&95,
  KEY		= "Gamma\&95",
  AUTHOR	= "Erich Gamma, Richard Helm, Ralph Johnson and John Vlissides",
  TITLE		= "{Design Patterns -- Elements of Reusable Object-Oriented
                    Software}",
  PUBLISHER	= "Addison Wesley",
  ADDRESS	= "Pearson Education",
  YEAR		= "1995",
  ANNOTE	= "",
  COMMENT	= ""}
  
%G VDM REFIN
@BOOK{SDRA,
  KEY           = "Jones80",
  AUTHOR        = "Cliff B.\ Jones",
  TITLE         = "{Software Development: A Rigorous Approach}",
  PUBLISHER     = "Prentice-Hall International",
  YEAR          = "1980",
  COMMENT       = "I have not yet read it and I don't have a copy of it
                   (PGL)."}

%G VDM LANG
@BOOK{Bjorner&82b,
  KEY           = "Bj{\o}rner\&82",
  EDITOR        = "D. Bj{\o}rner and C.B. Jones",
  TITLE         = "Formal Specification and Software Development",
  PUBLISHER     = "Prentice-Hall International",
  YEAR          = "1982",
  COMMENT       = ""}
                 
%G VDM TOOL
@TECHREPORT{Larsen&09d,
  KEY           = "Larsen\&09",
  AUTHOR        = "Peter Gorm Larsen and Kenneth Lausdahl",
  TITLE         = "User Manual for the Overture Combinatorial Testing Plug-in",
  INSTITUTION   = "The Overture Initiative",
  ADDRESS       = "www.overturetool.org",
  YEAR          = "2009",
  MONTH         = "March",
  NUMBER        = "TR-2009-01",
  SIZE          = "30",
  ANNOTE        = "",
  COMMENT       = "We have the sources PGL"}
