@Misc{ CTManual,
	title = {User Manual for the Overture Combinatorial Testing Plug-in},
	key = {CTManual, 09},
	year = {2009}
	
}